% references.bib

@article{curriculum,
author = "Lars Bogetoft and Kirsten Ringg√•rd and Ole Gram-Olesen",
title = "Studieordning for
professionsbacheloruddannelsen
i softwareudvikling. ({Danish}) [Curriculum for the proffesional bachelor education in software development]",
year = "2017",
pages = {16-17}
}

